@string{JCP = "J. Comput. Phys."}
@string{CPC = "Comput. Phys. Commun."}
@string{ITAP = "IEEE Trans. Antennas Propag."}
@string{ITMTT = "IEEE Trans. Microw. Theory Tech."}
@string{ITM = "IEEE Trans. Magn."}
@string{ITC = "IEEE Trans. Comput."}
@string{ITEC = "IEEE Trans. Electromagn. Compat."}
@string{IMGWL = "IEEE Microw. Guided Wave Lett."}
@string{IMWCL = "IEEE Microw. Wirel. Compon. Lett."}
@string{IAWPL = "IEEE Antennas Wirel. Propag. Lett."}
@string{NIM = "Nucl. Instrum. Methods"}
@string{NIMA = "Nucl. Instrum. Methods Phys. Res. Sect. A"}
@string{PRSTAB = "Phys. Rev. ST Accel. Beams"}
@string{PhysLettA = "Phys. Lett. A"}
@string{PhysRev = "Phys. Rev."}
@string{AJP = "Am. J. Phys."}
@string{AMC = "Appl. Math. Comput."}
@string{PC = "Parallel Computing"}
@string{ATMS = "ACM Trans. Math. Soft."}

@techreport{bib:GKS,
institution = {International Organization for Standardization},
month = {July},
number = {ISO 7942},
title = {The Graphical Kernel System},
year = {1985},
}

@techreport{bib:autin,
author = {B. Autin and Y. Marti},
institution = {CERN},
number = {CERN/ISR-MA/73-17},
title = {Closed Orbit Correction of Alternating Gradient Machines using a small Number of Magnets},
year = {1973},
}

@article{bib:barber,
author = {D. P. Barber and K. Heinemann and H. Mais and G. Ripken},
journal = {DESY report},
pages = {91-146},
title = {A Fokker--Planck Treatment of Stochastic Particle Motion within the Framework of a Fully Coupled 6-dimensional Formalism for Electron-Positron Storage Rings including Classical Spin Motion in Linear Approximation},
year = {1991},
}

@techreport{bib:scandale,
author = {R. Bartolini and A. Bazzani and M. Giovannozzi and W. Scandale and E. Todesco},
institution = {CERN},
number = {CERN/SL/95-84},
title = {Tune evaluation in simulations and experiments},
year = {1995},
}

@article{bib:bjorken,
author = {J. D. Bjorken and S. K. Mtingwa},
journal = {Particle Accelerators},
pages = {115},
title = {Intrabeam Scattering},
volume = {13},
year = {1983},
}

@article{bib:bollt,
author = {E. M. Bollt and J. D. Meiss},
journal = PhysLettA,
pages = {373},
title = {Targeting chaotic orbits to the Moon through recurrence},
volume = {204},
year = {1995},
}

@techreport{B-bib:bramham,
author = {P. Bramham and H. Henke},
institution = {CERN},
number = {LEP-70/107},
}

@techreport{bib:matrix,
author = {Karl L. Brown},
institution = {SLAC},
number = {SLAC 75, Revision 3},
title = {A First-and Second-Order Matrix Theory for the Design of Beam Transport Systems and Charged Particle Spectrometers},
year = {1972},
}

@techreport{bib:transport,
author = {Karl L. Brown and D. C. Carey and Ch. Iselin and F. Rothacker},
institution = {CERN},
number = {CERN 73-16, revised as CERN 80-4},
title = {TRANSPORT --- A Computer Program for Designing Charged Particle Beam Transport Systems},
year = {1980},
}

@article{bib:chao,
author = {A. Chao},
journal = {Journal of Applied Physics},
pages = {595-598},
title = {Evaluation of beam distribution parameters in an electron storage ring},
volume = {50},
year = {1979},
}

@techreport{bib:touschek,
author = {A. W. Chao and M. J. Lee},
institution = {SLAC},
month = {October},
number = {SPEAR-181},
title = {SPEAR II Touschek lifetime},
year = {1974},
}

@article{bib:conte,
author = {M. Conte and M. Martini},
journal = {Particle Accelerators},
pages = {1},
title = {INTRABEAM SCATIERING IN THE CERN ANTIPROTON ACCUMULATOR},
volume = {17},
year = {1985},
}

@article{bib:courant,
author = {E. D. Courant and H. S. Snyder},
journal = {Annals of Physics},
pages = {1-48},
title = {Theory of the alternating gradient synchrotron},
volume = {3},
year = {1958},
}

@techreport{bib:HARMON,
author = {M. Donald and D. Schofield},
institution = {CERN},
number = {LEP Note 420},
title = {A User's Guide to the {\tt HARMON} Program},
year = {1982},
}

@book{bib:dragt,
author = {A. Dragt},
publisher = {American Institute of Physics},
title = {Lectures on Nonlinear Orbit Dynamics, 1981 Summer School on High Energy Particle Accelerators, Fermi National Accelerator Laboratory, July 1981},
year = {1982},
}

@article{bib:edwards,
author = {D. A. Edwards and L. C. Teng},
journal = {IEEE Trans. on Nucl. Sc.},
pages = {885},
title = {Parametrisation of linear coupled motion in periodic systems},
volume = {20},
year = {1973},
}

@techreport{bib:giovannozzi,
author = {M. Giovannozzi},
institution = {CERN},
number = {CERN/PS 96-05 (PA)},
title = {Analysis of the stability domain of planar symplectic maps using invariant manifolds},
year = {1996},
}

@techreport{bib:gxplot,
author = {H. Grote},
institution = {CERN},
number = {LEP TH Note 57},
title = {GXPLOT User's Guide and Reference Manual},
year = {1988},
}

@techreport{bib:LEP,
author = {Lep Design Group},
institution = {CERN},
number = {CERN/ISR-LEP/79-33},
title = {Design Study of a 22 to 130 GeV e\(^{+}\)e\(^{-}\) Colliding Beam Machine (LEP)},
year = {1979},
}

@techreport{bib:BMPM,
author = {M. Hanney and J. M. Jowett and E. Keil},
institution = {CERN},
number = {CERN/LEP-TH/88-2},
title = {BEAMPARAM --- A program for computing beam dynamics and performance of $e^{+}e^{-}$ storage rings},
year = {1988},
}

@article{bib:helm,
author = {R. H. Helm and M. J. Lee and P. L. Morton and M. Sands},
journal = {IEEE Trans on Nucl. Sc.},
number = {3},
pages = {900-901},
title = {Evaluation of synchrotron radiation integrals},
volume = {20},
year = {1973},
}

@techreport{bib:MINUIT,
author = {F. James},
institution = {CERN},
number = {program library code D507},
title = {MINUIT, A package of programs to minimise a function of n variables, compute the covariance matrix, and find the true errors},
year = {1978},
}

@techreport{bib:keil,
author = {E. Keil},
institution = {CERN},
number = {CERN/ISR-LTD/76-23},
title = {Synchrotron radiation from a large electron-positron storage ring},
year = {1976},
}

@book{bib:knuth,
author = {D. E. Knuth},
edition = {second},
publisher = {Addison-Wesley},
title = {The Art of Computer Programming},
volume = {2},
year = {1981},
}

@article{bib:laskar,
author = {J. Laskar and C. Froeschl\'{e} and A. Celletti},
journal = {Physica D},
pages = {253},
title = {The measure of chaos by the numerical analysis of the fundamental frequencies. Application to the standard mapping},
volume = {56},
year = {1992},
}

@techreport{bib:mais,
author = {H. Mais and G. Ripken},
institution = {DESY},
number = {DESY M-82-05},
title = {Theory of Coupled Synchro-Betatron Oscillations},
year = {1982},
}

@techreport{bib:meddahi,
author = {M. Meddahi},
institution = {CERN},
number = {CERN/SL/96-19 (AP)},
title = {Chromaticity correction for the $108^{\circ}/60^{\circ}$ lattice},
year = {1996},
}

@techreport{bib:milutinovic,
author = {J. Milutinovic and S. Ruggiero},
institution = {Brookhaven National Laboratory},
number = {AD/AP/TN-9},
title = {Comparison of Accelerator Codes for a RHIC Lattice},
year = {1988},
}

@techreport{bib:montague,
author = {B. W. Montague},
institution = {CERN},
number = {LEP Note 165},
title = {Linear Optics for Improved Chromaticity Correction},
year = {1979},
}

@techreport{bib:ripken,
author = {G. Ripken},
institution = {DESY},
number = {DESY internal Report R1-70/4},
title = {Untersuchungen zur Strahlf\"uhrung und Stabilit\"at der Teilchenbewegung in Beschleunigern und Storage-Ringen unter strenger Ber\"ucksichtigung einer Kopplung der Betatronschwingungen},
year = {1970},
}

@incollection{bib:chamonix,
author = {F. Ruggiero},
booktitle = {Proc. Sixth Workshop on LEP Performance},
editor = {J. Poole},
note = {CERN/SL/96-05 (DI)},
pages = {132--136},
title = {Dynamic Aperture for LEP 2 with various optics and tunes},
year = {1996},
}

@techreport{bib:teng,
author = {L. C. Teng},
institution = {FNAL},
number = {FN 229},
title = {Concerning n-Dimensional Coupled Motion},
year = {1971},
}

@techreport{bib:volkel,
author = {U. V\"olkel},
institution = {DESY},
number = {DESY 67-5,},
title = {Particle loss by Touschek effect in a storage ring},
year = {1967},
}

@techreport{bib:walker,
author = {R. P. Walker},
institution = {SERC Daresbury Laboratory preprint},
number = {DL/SCI/P542A},
title = {Calculation of the Touschek lifetime in electron storage rings},
year = {1987},
}

@inproceedings{bib:wilson,
address = {Stanford},
author = {P. B. Wilson},
booktitle = {Proc. 8th Int. Conf. on High-Energy Accelerators},
year = {1974},
}

@techreport{bib:wrulich,
author = {A. Wrulich and H. Meyer},
institution = {DESY},
number = {PET-75-2},
title = {Life time due to the beam-beam bremsstrahlung effect},
year = {1975},
}

@book{langdon,
address = {New York},
author = {Ch. K. Birdsall, A. B. Langdon},
publisher = {McGraw-Hill},
title = {Plasma Physics via computer simulation},
year = {1985},
}

@article{fubiani2006,
author = {G. Fubaiani and J. Qiang and E. Esarey and W. P. Leemans and G. Dugan},
journal = PRSTAB,
pages = {064402},
title = {Space charge modeling of dense electron beams with large energy spreads},
volume = {9},
year = {2006},
}

@techreport{qiang2005,
author = {J. Qiang and S. Lidia and R. D. Ryne and C. Limborg-Deprey},
institution = {LBNL},
number = {LBNL-59098},
title = {A Three-Dimensional Quasi-Static Model for High Brightness Beam Dynamics Simulation},
url = {http://repositories.cdlib.org/lbnl/LBNL-59098},
}

@article{qiang2006-1,
author = {J. Qiang and S. Lidia and R. D. Ryne and C. Limborg-Deprey},
journal = PRSTAB,
number = {044204},
title = {Three-Dimensional Quasi-Static Model for High Brightness Beam Dynamics Simulation},
volume = {9},
year = {2006},
}

@article{qiang2006-2,
author = {J. Qiang and S. Lidia and R. D. Ryne and C. Limborg-Deprey},
journal = PRSTAB,
pages = {12990},
title = {Erratum: Three-Dimensional Quasi-Static Model for High Brightness Beam Dynamics Simulation},
volume = {10},
year = {2007},
}

@unpublished{JohoDist,
author = {W. Joho},
title = {private communication},
}

@techreport{superfish,
author = {J. H. Billen and L. M. Young},
institution = {Los Alamos National Laboratory},
number = {LA-UR-96-1834},
title = {POISSON SUPERFISH},
year = {2004},
}

@article{enge,
author = {J. E. Spencer and H. A. Enge},
journal = NIM,
pages = {181-193},
title = {Split-Pole Magnetic Spectrograph for Precision Nuclear Spectroscopy},
volume = {49},
year = {1967},
}

@book{bib:SanzSerna,
author = {J. M. Sanz-Sern and M. P. Calvo},
publisher = {Chapman and Hall},
title = {Numerical Hamiltonian Problems},
year = {1994},
}

@article{bib:forestall,
author = {E. Forest},
journal = PhysLettA,
pages = {99},
title = {Application of the Yoshida-Ruth techniques to implicit integration and multi-map explicit integration},
volume = {158},
year = {1991},
}

@article{bib:arbenzetal2001,
author = {P. Arbenz and R. Geus and S. Adam},
journal = PRSTAB,
pages = {22001-1},
title = {Solving Maxwell eigenvalue problems for accelerating cavities},
volume = {4},
year = {2001},
}

@article{bib:arbenzetal2006,
author = {P. Arbenz and M. Be\v{c}ka and R. Geus and U. Hetmaniuk and T. Mengotti},
journal = {PARCO},
number = {2},
pages = {157-165},
title = {On a Parallel Multilevel Preconditioned Maxwell Eigensolver},
volume = {32},
year = {2006},
doi = {10.1016/j.parco.2005.06.005},
}

@techreport{flo:97,
author = {K. Fl\"ottmann},
institution = {DESY},
month = {January},
number = {TESLA FEL-Report},
title = {Note on the thermal emittance of electrons emitted by Cesium Telluride photo cathodes},
year = {1997},
}

@article{clen:2000,
author = {J. E. Clendenin and T. Kotseroglou and G. A. Mulhollan and D. T. Palmer and J. F. Schmerge},
journal = NIMA,
pages = {198-201},
title = {Reduction of thermal emittance of RF guns},
volume = {455},
year = {2000},
}

@article{dowe:2009,
author = {D. H. Dowell and J. F. Schmerge},
journal = PRSTAB,
pages = {074201},
title = {Quantum efficiency and thermal emittance of metal photocathodes},
volume = {12},
year = {2009},
}

@article{Adelmann:2009p543,
author = {A. Adelmann and P. Arbenz and Y. Ineichen},
journal = {arXiv},
number = {0907.4863v1},
title = {A Fast Parallel Poisson Solver on Irregular Domains Applied to Beam Dynamic Simulations},
year = {2009},
}

@article{BC,
author = {Y. Feng and J. P. Verboncoeur},
journal = {Phys. Plasmas},
pages = {073105},
title = {Transition from Fowler-Nordheim field emission to space charge limited current density},
volume = {13},
year = {2006},
}

@inproceedings{FN,
author = {R. H. Fowler and L. Nordheim},
booktitle = {Proc. R. Soc., Ser. A 119, 173},
title = {Electron Emission in Intense Electric Fields},
year = {1928},
}

@phdthesis{DE,
author = {J. H. Han},
school = {DESY},
title = {Dynamics of Electron Beam and Dark Current in Photocathode RF Guns},
year = {2005},
url = {http://www-library.desy.de/preparch/desy/thesis/desy-thesis-05-045.pdf}
}

@inproceedings{WangHB2010,
author = {C. Wang and A. Adelmann and Y. Ineichen},
booktitle = {Proc. of HB2010},
pages = {MOPD55},
title = {A Field Emission and Secondary Emission Model in \opal},
year = {2010},
}

@article{Furman-Pivi,
author = {M. A. Furman and M. T. F. Pivi},
journal = PRSTAB,
pages = {124404},
title = {Probabilistic model for the simulation of secondary electron emission},
volume = {5},
year = {2002},
}

@article{Vaughan,
author = {J. Rodney M. Vaughan},
journal = {IEEE Trans. on Electron Devices},
number = {9},
pages = {1963},
title = {A New Formula for Secondary Emission Yield},
volume = {36},
year = {1989},
}

@article{VaughanRv,
author = {J. Rodney M. Vaughan},
journal = {IEEE Trans. on Electron Devices},
number = {4},
pages = {830},
title = {Secondary Emission Formulas},
volume = {40},
year = {1993},
}

@inproceedings{FS,
author = {C. Vicente and M. Mattes and D. Wolk and H. L. Hartnagel and J. R. Mosig and D. Raboso},
booktitle = {Proc. of MULCOPIM 2005},
title = {FEST3D - A Simulation Tool for Multipactor Prediction},
year = {2005},
}

@article{nonstationary,
author = {S. Anza and C. Vicente and J. Gil and V. E. Boria and B. Gimeno and D. Raboso},
journal = {Phys. Plasmas},
pages = {062110},
title = {Nonstationary Statistical Theory for Multipactor},
volume = {17},
year = {2010},
}

@book{paraview,
author = {A. Henderson},
publisher = {Kitware Inc},
title = {Para{V}iew Guide: A Parallel Visualization Application},
year = {2007},
}

@article{bib:JBong,
author = {L. Serafini and J. B. Rosenzweig},
journal = {Phys. Rev. E},
title = {Envelope analysis of intense relativistic quasilaminar beams in rf photoinjectors:mA theory of emittance compensation},
number = {6},
volume = {55},
year = {1997},
pages = {7565},
}

@techreport{bib:HOMY,
author = {M. Ferrario and J. E. Clendenin and D. T. Palmer and J. B. Rosenzweig and L. Serafini},
institution = {SLAC},
month = {March},
number = {SLAC-PUB-8400},
title = {HOMDYN Study for the LCLS RF Photo-Injector},
year = {2000},
}

@unpublished{bib:optpilot1,
author = {Y. Ineichen},
title = {opt-Pilot},
year = {2014}
}

@techreport{elegant,
author = {M. Borland},
institution = {Advanced Photon Source},
month = {September},
number = {LS-287},
title = {Elegant: A Flexible {SDDS}-Compliant Code for Accelerator Simulation},
year = {2000},
}

@article{prstab2003,
author = {K. Floettmann},
journal = PRSTAB,
pages = {034202},
title = {Some basic features of the beam emittance},
volume = {6},
year = {2003},
}

@techreport{Trace_man,
author = {K. Crandall and D. Rusthoi},
institution = {Los Alamos National Laboratory},
title = {Documentation for TRACE: An Interactive Beam-Transport Code},
}

@techreport{Transport_GUI,
author = {U. Rohrer},
institution = {PSI},
title = {PSI Graphic Transport Framework based on a CERN-SLAC-FERMILAB version by K.L. Brown et al},
}

@unpublished{Tran_ex,
author = {U. Rohrer},
url = {http://aea.web.psi.ch/Urs_Rohrer/MyWeb/moregifs/gantryb.gif},
}

@unpublished{AMAS,
author = {A. Adelmann},
url = {http://amas.web.psi.ch/people/aadelmann/pub/www/},
}

@techreport{Sach,
author = {F. J. Sacherer},
institution = {CERN},
title = {RMS Envelope Equations with Space Charge},
}

@article{hockney,
author = {R. W. Hockney},
journal = {Methods Comput. Phys.},
pages = {136-210},
title = {The potential calculation and some applications},
volume = {9},
year = {1970},
}

@article{eastwoodandbrownrigg,
author = {J. W. Eastwood and D. R. K. Brownrigg},
journal = JCP,
pages = {24-38},
title = {Remarks on the solution of poisson's equation for isolated systems},
volume = {32},
year = {1979},
}

@book{hockneyandeastwood,
author = {R. W. Hockney and J. W. Eastwood},
publisher = {Taylor \& Francis Group},
title = {Computer Simulation using Particles},
year = {1988},
}

@article{qiangandryne,
author = {J. Qiang and R. Ryne},
journal = CPC,
pages = {18-28},
title = {Parallel 3D Poisson solver for a charged beam in a conducting pipe},
volume = {138},
year = {2001},
}

@article{qiangandgluckstern,
author = {J. Qiang and R. L. Gluckstern},
journal = CPC,
number = {2},
pages = {120-128},
title = {Three-dimensional Poisson solver for a charged beam with large aspect ratio in a conducting pipe},
volume = {160},
year = {2004},
}

@article{oxford,
author = {R. D. Ryne},
journal = {ICFA Beam Dynamics Workshop on Space-Charge Simulation, Oxford, April},
pages = {2-4},
title = {A new technique for solving Poisson's equation with high accuracy on domains of any aspect ratio},
year = {2003},
}

@inproceedings{abelletal,
author = {D. T. Abell and P. J. Mullowney and K. Paul and V. H. Ranjbar and J. Qiang and R. D. Ryne},
booktitle = {Proc. 2007 Particle Accelerator Conference},
pages = {THPAS015},
title = {Three-Dimensional Integrated Green Functions for the Poisson Equation},
year = {2007},
}

@article{prstabquasistaticmodel,
author = {J. Qiang and S. Lidia and R. Ryne and C. Limborg-Deprey},
journal = PRSTAB,
pages = {044204},
title = {Three-dimensional quasistatic model for high brightness beam dynamics simulation},
volume = {9,},
year = {2006},
comment = {"Erratum: Three-dimensional quasistatic model for high brightness beam dynamics simulation", Phys. Rev. ST Accel. Beams 10, 129901(E) (2007)},
}

@inproceedings{marylieimpact,
address = {France, Oct 2006},
author = {R. D. Ryne et al.},
booktitle = {Proc. 2006 International Computational Accelerator Physics Conference},
pages = {2-6},
publisher = {Chamonix},
title = {Recent progress on the MaryLie/IMPACT Beam Dynamics Code},
year = {2006},
}

@book{numericalrecipes,
author = {William H. Press,  and Saul A. Teukolsky,  and William T. Vetterling,  and Brian P. Flannery},
publisher = {Cambridge University Press},
title = {Numerical Recipes: The Art of Scientific Computing},
year = {2007},
}

@book{jackson,
address = {John  \& Sons},
author = {J. D. Jackson},
publisher = {Wiley},
title = {Classical Electrodynamics},
year = {1998},
}

@book{smythe,
author = {William R. Smythe},
publisher = {Hemisphere Publishing Corp},
title = {Static and Dynamic Electricity},
year = {1989},
comment = {problems for Chapter 5},
}

@article{qiangnewtoncotes,
author = {J. Qiang},
journal = CPC,
pages = {313-316},
title = {A high-order fast method for computing convolution integral with smooth kernel},
volume = {18},
year = {2010},
}

@inproceedings{rynehabibwangler,
author = {R. D. Ryne and S. Habib and T. P. Wangler},
booktitle = {Proc 1995 Particle Accelerator Conference},
title = {Halos of Intense Proton Beams},
year = {1995},
}

@techreport{HOMY,
author = {M. Ferrario and J. E. Clendenin and D. T. Palmer and J. B. Rosenzweig and L. Serafini},
institution = {SLAC},
month = {March},
number = {SLAC-PUB-8400},
title = {HOMDYN Study for the LCLS RF Photo-Injector},
year = {2000},
}

@techreport{HOMY2,
author = {M. Ferrario},
title = {HOMDYN User Guide},
}

@techreport{bib:classic,
author = {F. C. Iselin},
title = {The Classic Project},
institution = {CERN},
year = {1996},
number = {CERN/SL/96-061},
url = {https://cds.cern.ch/record/311682/files/sl-96-061.pdf}
}

@techreport{bib:opal,
title = {The OPAL (Object Oriented Parallel Accelerator Library) Framework},
author = {Andreas Adelmann and Achim Gsell and Valeria Rizzoglio (PSI) and Christof Metzger-Kraus
(HZB) and Yves Ineichen (IBM) and Xiaoying Pang and Steve Russell (LANL) and Chuan Wang and
Jianjun Yang (CIAE) and Suzanne Sheehy and Chris Rogers (RAL) and Daniel Winklehner (MIT)},
institution = {Paul Scherrer Institut},
number = {PSI-PR-08-02},
year = {(2008-2016)}
}

@inproceedings{bib:howison2010,
   author = {{Howison}, M. and {Adelmann}, A. and {Bethel}, E.W. and {Gsell}, A. and {Oswald}, B. and {Prabhat}},
    title = "{H5hut: A High-Performance I/O Library for Particle-based Simulations}",
     year = 2010,
 location = "Heraklion, Greece",
booktitle = "{IEEE International Conference on Cluster Computing Workshops and Posters}",
    pages = {1-8},
      doi = {10.1109/CLUSTERWKSP.2010.5613098}
}

@unpublished{bib:schietinger,
author = {T. Schietinger},
title = {H5ROOT},
year = {2006},
url = {http://amas.web.psi.ch/tools/H5root/index.html}
}

@inproceedings{bib:borland1995,
author = {M. Borland},
title = {A Self-Describing File Protocol for Simulation Integration and Shared Postprocessors},
year = 1995,
booktitle = {Proc. 1995 PAC},
location = {Dallas, Texas},
pages = {2184-2186},
url = {http://accelconf.web.cern.ch/AccelConf/p95/ARTICLES/WAE/WAE11.PDF}
}

@inproceedings{bib:borland1998,
author = {M. Borland},
title = {A Universal Postprocessing Toolkit for Accelerator Simulation and Data Analysis},
year = 1998,
booktitle = {Proc. 1998 ICAP Conference},
location = {Monterey, California},
pages = {FTU10},
url = {http://www.slac.stanford.edu/econf/C980914/papers/F-Tu10.pdf}
}

@online{bib:borland2016,
author = {{Borland}, M. and {Emery}, L. and {Shang}, H. and {Soliday}, R.},
title = {User's Guide for {SDDS} Toolkit Version 2.8},
url = {http://www.aps.anl.gov/Accelerator_Systems_Division/Accelerator_Operations_Physics/manuals/SDDStoolkit/SDDStoolkit.pdf}
}

@online{bib:tait-bryan,
title = {Tait-Bryan Angles},
url = {https://en.wikipedia.org/wiki/Euler_angles#Tait.E2.80.93Bryan_angles}
}

@online{bib:paraview,
title = {Para{V}iew},
url = {http://www.paraview.org}
}

@online{bib:visit,
title = {Vis{I}t},
url = {https://wci.llnl.gov/simulation/computer-codes/visit/}
}

@article{bib:murphy1997,
   author = {{Murphy}, J.~B. and {Krinsky}, S. and {Gluckstern}, R.~L.},
    title = "{Longitudinal Wakefield for an Electron Moving on a Circular Orbit}",
  journal = "Particle Accelerators",
     year = 1997,
    month = mar,
   volume = 57,
    pages = {9-64}
}

@article{bib:schiff1945,
   author = {{Schiff}, L.~I.},
    title = "{Production of Particle Energies beyond 200 MeV}",
  journal = "Rev. Sci. Instr.",
     year = 1945,
    month = dec,
   volume = 17,
   number = 1,
    pages = {6-14},
      doi = {10.1063/1.1770395}
}

@ARTICLE{bib:nodvick1954,
   author = {{Nodvick}, J.~S. and {Saxon}, D.~S.},
    title = "{Suppression of Coherent Radiation by Electrons in a Synchrotron}",
  journal = PhysRev,
     year = 1954,
    month = oct,
   volume = 96,
    pages = {180-184},
      doi = {10.1103/PhysRev.96.180}
}

@article{bib:saldin2004,
   author = {{Saldin}, E.~L. and {Schneidmiller}, E.~A. and {Yurkov}, M.~V.},
    title = "{Longitudinal space charge-driven microbunching instability in the TESLA Test Facility linac}",
  journal = NIMA,
   volume = 528,
   number = {1-2},
    pages = {355-359},
     year = 2004,
      doi = "10.1016/j.nima.2004.04.067"
}

@article{bib:saldin1997,
   author = {{Saldin}, E.~L. and {Schneidmiller}, E.~A. and {Yurkov}, M.~V.},
    title = "{On the Coherent Radiation of an Electron Bunch Moving in an Arc of a Circle}",
  journal = NIMA,
   volume = 398,
   number = {2-3},
    pages = {373-394},
     year = 1997,
      doi = "10.1016/S0168-9002(97)00822-X"
}

@article{bib:schwinger1949,
  author = {{Schwinger}, J.},
   title = "{On the Classical Radiation of Accelerated Electrons}",
 journal = PhysRev,
  volume = {75},
   issue = {12},
   pages = {1912--1925},
    year = 1949,
   month = {Jun},
     doi = {10.1103/PhysRev.75.1912}
}

@book{bib:schott,
   author = {{Schott}, G.~A.},
    title = "{Electromagnetic Radiation}",
publisher = "Cambridge University Press",
     year = 1912
}

@article{bib:mitchell2013,
title = "A fast method for computing 1-D wakefields due to coherent synchrotron radiation ",
journal = NIMA,
volume = "715",
%number = "",
pages = "119 - 125",
year = "2013",
author = "Chad E. Mitchell and Ji Qiang and Robert D. Ryne",
}