@string{JCP = "J. Comp. Phys."} 

@misc{METIS,
  key =		 "METIS",
  title =	 "{METIS -- Family of Multilevel Partitioning Algorithms.}",
  note =	 "See URL
                  \url{http://glaros.dtc.umn.edu/gkhome/views/metis}"
}

@inproceedings{adai:11,
  author =       "A. Adelmann and P. Arbenz and Y. Ineichen",
  title =        "Improvements of A fast parallel {P}oisson solver on
                  irregular domains applied to beam dynamics
                  simulations",
  booktitle =	 "PARA'10 State-of-the-Art in Scientific Computing",
  editor =	 "J. Dongarra and K. J\'{o}nasson",
  publisher =	 "Springer",
  address =	 "Berlin",
  pages =	 "",
  year =	 2011,
  note =	 "(Lecture Notes in Computer Science)"
}

@article{adai:10,
  author =       "A. Adelmann and P. Arbenz and Y. Ineichen",
  title =        "A fast parallel {P}oisson solver on irregular domains
                  applied to beam dynamics simulations",
  journal =      JCP,
  volume =       229,
  number =       12,
  pages =        "4554-4566",
  year =         2010
}



@article{ahlt:05,
  author =	 "P. Arbenz and U. L. Hetmaniuk and R. B. Lehoucq and
                  R. Tuminaro",
  title =	 "A Comparison of Eigensolvers for Large-scale {3D}
                  Modal Analysis using {AMG}-Preconditioned Iterative
                  Methods",
  journal =	 "Internat. J. Numer. Methods Engrg.",
  volume =	 64,
  number =	 2,
  pages =	 "204-236",
  year =	 2005
}


@inproceedings{almm:06,
  author =	 "P. Arbenz and G. H. van Lenthe and U. Mennel and
                  R. {M\"uller} and M. Sala",
  title =	 "Multi-level $\mu$-Finite Element Analysis for Human
                  Bone Structures",
  booktitle =	 "Applied Parallel Computing. State of the Art in
                  Scientific Computing",
  editor =	 "B. {K\aa gstr\"om} and E. Elmroth and J. Dongarra and
                  J. Wasniewski",
  publisher =	 "Springer",
  address =	 "Berlin",
  pages =	 "240-250",
  year =	 2007,
  note =	 "(Lecture Notes in Computer Science, 4699)."
}

@article{almm:07,
  author =	 "P. Arbenz and G. H. van Lenthe and U. Mennel and
                  R. {M\"uller} and M. Sala",
  title =	 "A Scalable Multi-level Preconditioner for Matrix-Free
                  $\mu$-Finite Element Analysis of Human Bone
                  Structures",
  volume =	 73,
  number =	 7,
  journal =	 "Internat. J. Numer. Methods Engrg.",
  pages =	 "927-947",
  year =	 2008,
  url =		 "\url{doi:10.1002/nme.2101}"
}

@article{arga:01,
  author =	 "P. Arbenz and R. Geus and S. Adam",
  title =	 "Solving {M}axwell Eigenvalue Problems for Accelerating
                  Cavities",
  journal =	 "Phys. Rev. ST Accel. Beams",
  volume =	 4,
  pages =	 022001,
  year =	 2001,
  note =	 "(Electronic journal.  Paper available from
                  \path|http://dx.doi.org/10.1103/PhysRevSTAB.4.022001|)"
}

@article{arge:04,
  author =	 "P. Arbenz and R. Geus",
  title =	 "Multilevel preconditioned iterative eigensolvers for
                  {M}axwell eigenvalue problems",
  journal =	 "Appl. Numer. Math.",
  volume =	 54,
  number =	 2,
  pages =	 "107-121",
  year =	 2005
}

@article{bcaf:10,
  author =	 "Bekas, C. and Curioni, A. and Arbenz, P. and Flaig,
                  C. and van Lenthe, G.H. and {M\"uller}, R. and Wirth,
                  A.J.",
  title =	 "Extreme scalability challenges in micro-finite element
                  simulations of human bone",
  journal =	 "Concurrency Computat.: Pract. Exper.",
  volume =	 22,
  number =	 16,
  pages =	 "2282-2296",
  year =	 2010,
  url =		 "Available from \url{doi:10.1002/cpe.1591}"
}

@article{beco:89,
  author =	 "M. J. Berger and P. Colella",
  title =	 "Local adaptive mesh refinement for shock
                  hydrodynamics",
  journal =	 JCP,
  volume =	 82,
  number =	 1,
  pages =	 "64-84",
  year =	 1989,
  note =	 "\url{doi:10.1016/0021-9991(89)90035-1}"
}

@article{beol:84,
  author =       "M. J. Berger and J. Oliger",
  title =        "Adaptive mesh refinement for hyperbolic partial
                  differential equations",
  journal =      JCP,
  volume =       53,
  number =       3,
  pages =        "484 - 512",
  year =         1984,
  issn =         "0021-9991",
  note =         "\url{doi:10.1016/0021-9991(84)90073-1}"
}

@incollection{bumw:06,
  author =       "Bungartz, H.-J. and Mehl, M. and Weinzierl, T.",
  title =        "A Parallel Adaptive Cartesian PDE Solver Using
                  Space Filling Curves",
  booktitle =    "Euro-Par 2006 Parallel Processing",
  series =       "Lecture Notes in Computer Science",
  editor =       "Nagel, W. and Walter, W. and Lehner, W.",
  publisher =    "Springer",
  address =      "Berlin, Heidelberg",
  pages =        "1064-1074",
  volume =       4128,
  note =         "\url{doi:10.1007/11823285_112}",
  year =         2006
}

@incollection{cale:05,
  author =       "Calhoun, D. and LeVeque, R. J.",
  title =        "An accuracy study of mesh refinement on mapped grids",
  booktitle =    "Adaptive Mesh Refinement - Theory and Applications",
  series =       "Lecture Notes in Computational Science and
                  Engineering",
  editor =       "Plewa, T. and Linde, T. and Weirs, G.",
  publisher =    "Springer",
  address =      "Berlin",
  pages =        "91-101",
  volume =       41,
  url =          "\url{http://dx.doi.org/10.1007/3-540-27039-6_6}",
  abstract =     "We test a high-resolution wave-propagation algorithm
                  for hyperbolic conservation laws on mapped
                  quadrilateral and hexahedral grids in the context of
                  adaptive mesh refinement. We discuss some of the
                  issues related to using non-Cartesian grids with AMR
                  and study a test problem in which a grid refinement
                  interface is fixed in space on a highly skewed portion
                  of a mapped grid. Smooth and shock-wave solutions to
                  the Euler equations are used to investigate the
                  possibility that spurious reflections or other
                  numerical errors might be generated at a grid
                  interface.",
  year =         2005
}

@Manual{chombo3.0,
  title =	 "Chombo Software Package for AMR Applications Design
                  Document",
  author =	 "P. Colella and D. T. Graves and N. D. Keen and
                  T. J. Ligocki and D. F. Martin and P. W. McCorquodale
                  and D. Modiano and P. O. Schwartz and T. D. Sternberg
                  and B. Van Straalen",
  organization = "Applied Numerical Algorithms Group, Computational
                  Research Division, Lawrence Berkeley National
                  Laboratory",
  address =	 "Berkeley, CA",
  month =	 apr,
  year =	 2009
}

@incollection{debk:04,
  author =	 "K.D.~Devine and E.G.~Boman and G.~Karypis",
  title =	 "Partitioning and Load Balancing for Emerging Parallel
                  Applications and Architectures",
  booktitle =	 "Parallel Processing for Scientific Computing",
  pages =	 "99-126",
  publisher =	 "SIAM",
  year =	 2006,
  editor =	 "M. Heroux and A. Raghavan and H. Simon",
  address =	 "Philadelphia, PA"}

@incollection{gbgk:05,
  author =       "Germaschewski, K. and Bhattacharjee, A. and Grauer,
                  R. and Keyes, D. and Smith, B.",
  title =        "Using {K}rylov--{S}chwarz methods in an adaptive mesh
                  refinement environment",
  booktitle =    "Adaptive Mesh Refinement - Theory and Applications",
  series =       "Lecture Notes in Computational Science and
                  Engineering",
  editor =       "Plewa, T. and Linde, T. and Weirs, G.",
  publisher =    "Springer",
  address =      "Berlin",
  pages =        "115-124",
  volume =       41,
  url =          "\url{http://dx.doi.org/10.1007/3-540-27039-6_8}",
  year =         2005
}

@incollection{hens:05,
  author =       "Henshaw, W.",
  title =        "Adaptive Mesh Refinement on Overlapping Grids",
  booktitle =    "Adaptive Mesh Refinement - Theory and Applications",
  series =       "Lecture Notes in Computational Science and
                  Engineering",
  editor =       "Plewa, T. and Linde, T. and Weirs, G.",
  publisher =    "Springer",
  address =      "Berlin",
  isbn =         "978-3-540-27039-3",
  pages =        "59-71",
  volume =       41,
  url =          "\url{http://dx.doi.org/10.1007/3-540-27039-6_3}",
  year =         2005
}

@article{kpsc:06,
  author =       "B.~S.~Kirk and J.~W.~Peterson and R.~H.~Stogner and
                  G.~F.~Carey",
  title =        "{\texttt{libMesh}}: {A} {C++} Library for Parallel
                  Adaptive Mesh Refinement/Coarsening Simulations",
  journal =      "Engineering with Computers",
  volume =       22,
  number =       "3--4",
  pages =        "237--254",
  year =         2006,
  note =         "\url{doi:10.1007/s00366-006-0049-3}"
}


@incollection {mmnw:09,
  author =	 "Muntean, I. L. and Mehl, M. and Neckel, T. and
                  Weinzierl, T.",
  title =	 "Concepts for Efficient Flow Solvers Based on Adaptive
                  Cartesian Grids",
  booktitle =	 "High Performance Computing in Science and Engineering",
  editor =	 "Wagner, S. and Steinmetz, M. and Bode, A. and Brehm,
                  M.",
  publisher =	 "Springer",
  address =	 "Berlin, Heidelberg",
  pages =	 "535-549",
  url =		 "http://dx.doi.org/10.1007/978-3-540-69182-2_42",
  note =	 "\url{doi:10.1007/978-3-540-69182-2_42}",
  year =	 2009
}

@book{pear:04,
  author =	 "W. P. Petersen and P. Arbenz",
  title =	 "Introduction to Parallel Computing",
  publisher =	 "Oxford University Press",
  address =	 "Oxford",
  year =	 2004,
}

@incollection {rbhk:09,
  author =	 "Rossinelli, D. and Bergdorf, M. and Hejazialhosseini,
                  B. and Koumoutsakos, P.",
  title =	 "Wavelet-Based Adaptive Solvers on Multi-core
                  Architectures for the Simulation of Complex Systems",
  booktitle =	 "Euro-Par 2009 Parallel Processing",
  series =	 "Lecture Notes in Computer Science",
  editor =	 "Sips, Henk and Epema, Dick and Lin, Hai-Xiang",
  publisher =	 "Springer Berlin / Heidelberg",
  pages =	 "721-734",
  volume =	 5704,
  note =	 "\url{doi:10.1007/978-3-642-03869-3_68}",
  year =	 2009
}

@article{sabi:10,
  author =       "R. S. Sampath and G. Biros",
  title =        "A Parallel Geometric Multigrid Method for Finite
                  Elements on Octree Meshes",
  publisher =    "SIAM",
  year =         2010,
  journal =      "SIAM J. Sci. Comput.",
  volume =       32,
  number =       3,
  pages =        "1361-1392",
  keywords =     "geometric multigrid; meshing; finite element method;
                  linear octrees; adaptive meshes; matrix-free methods;
                  iterative solvers; parallel algorithms; tree codes",
  url =          "http://link.aip.org/link/?SCE/32/1361/1",
  doi =          "10.1137/090747774"
} 


@inproceedings{ssad:07,
  author =       "Sundar, H. and Sampath, R. S. and Adavani, S.  S. and
                  Davatzikos, Ch. and Biros, G.",
  title =        "Low-constant parallel algorithms for finite element
                  simulations using linear octrees",
  booktitle =    "SC'07: Proceedings of the 2007 ACM/IEEE conference on
                  Supercomputing",
  year =         2007,
  pages =        "1--12",
  location =     "Reno, Nevada",
  doi =          "http://doi.acm.org/10.1145/1362622.1362656",
  publisher =    "ACM",
  address =      "New York, NY, USA",
}

@Manual{ssal:09,
  title =        "{DENDRO} Manual",
  author =       "R. S. Sampath and H. Sundar and S. S. Adavani and
                  I. Lashuk and G. Biros",
  organization = "Computational Science and Engineering Laboratory
                  University of Pennsylvania, Philadelphia, PA, and
                  Georgia Institute of Technology, Atlanta, GA",
  month =        feb,
  year =         2009,
  note =
                  "\url{http://www.cc.gatech.edu/csela/dendro/Manual.pdf}"
}

@incollection{vslk:09,
  author =       "Van Straalen, B. and J. Shalf and T. Ligocki and
                  N. Keen and W.-S. Yang",
  title =        "Scalability challenges for massively parallel {AMR}
                  applications",
  booktitle =    "23rd IEEE International Symposium on Parallel and
                  Distributed Processing, IPDPS 2009",
  publisher =    "IEEE Computer Society",
  address =      "Los Alamitos, CA",
  pages =        "1-12",
  note =         "\url{doi:10.1109/IPDPS.2009.5161014}",
  year =         2009
}

@article{wmvf:10,
  author =	 "A. J. Wirth and Th. L. Mueller and W. Vereecken and
                  C. Flaig and P. Arbenz and R. {M\"uller} and G. H. van
                  Lenthe",
  title =	 "Mechanical competence of bone-implant systems can
                  accurately be determined by image-based micro-finite
                  element analyses",
  journal =	 "Arch. Appl. Mech.",
  volume =	 80,
  number =	 5,
  pages =	 "513-525",
  year =	 2010,
  note =	 "Online.  \url{doi:10.1007/s00419-009-0387-x}"
}

@article{hakz:08,
  author =	 "J. Hartmann and A. Krahnke and Ch. Zenger",
  title =	 "Cache efficient data structures and algorithms for
                  adaptive multidimensional multilevel finite element
                  solvers",
  journal =	 "Applied Numerical Mathematics",
  volume =	 58,
  number =	 4,
  pages =	 "435-448",
  note =	 "Online.  \url{doi:10.1016/j.apnum.2007.01.024}",
  year =	 2008
}

@mastersthesis{sche:10,
  author =	 "S. Scherer",
  title =	 "Solving the three-dimensional elasticity equation with
                  the help of space-filling curves",
  school =	 "ETH Zurich, Chair of Computational Science",
  type =	 "Bachelor thesis",
  month =	 jun,
  year =	 2010
}

@incollection {bdko:06,
  author =	 "Burri, A. and Dedner, A. and {Kl\"ofkorn}, R. and
                  Ohlberger, M.",
  title =	 "An efficient implementation of an adaptive and
                  parallel grid in {DUNE}",
  booktitle =	 "Computational Science and High Performance Computing
                  II",
  series =	 "Notes on Numerical Fluid Mechanics and
                  Multidisciplinary Design",
  editor =	 "Krause, E. and Shokin, Y. and Resch, M. and Shokina,
                  N.",
  publisher =	 "Springer",
  address =	 "Berlin/Heidelberg",
  pages =	 "67-82",
  volume =	 91,
  note =	 "Online.  \url{doi:10.1007/3-540-31768-6_7}",
  year =	 2006
}


% AMR and Plasma Physics

@article{vay:04,
  title =	 "Application of adaptive mesh refinement to
                  particle-in-cell simulations",
  author =	 "J.-L. Vay and P. Colella and J. W. Kwan and
                  P. McCorquodale and D. B. Serafini and A. Friedman and
                  D. P. Grote and G. Westenskow and J.-C. Adam and
                  A. Heron and I. Haber",
  journal =	 "Physics of Plasmas",
  volume =	 11,
  number =	 5,
  pages =	 "2928-2934",
  year =	 2004
}

@article{Schnepp20104075,
  title =	 "A hybrid Finite Integration-Finite Volume Scheme",
  journal =	 JCP,
  volume =	 "229",
  number =	 "11",
  pages =	 "4075 - 4096",
  year =	 "2010",
  issn =	 "0021-9991",
  doi =		 "DOI: 10.1016/j.jcp.2010.01.041",
  url =
                  "http://www.sciencedirect.com/science/article/B6WHY-4YCG096-1/2/f2bc9fea123e8353b1420fea5fce789c",
  author =	 "S. Schnepp and E. Gjonaj and T. Weiland",
  keywords =	 "Hybrid numerical methods",
  keywords =	 "Finite Integration Technique",
  keywords =	 "Finite Volume Method",
  keywords =	 "Split operator technique",
  keywords =	 "Adaptive mesh refinement"
}


@article{Miniati2007400,
  author =	 "F. Miniati and P. Colella",
  title =	 "Block structured adaptive mesh and time refinement for
                  hybrid, hyperbolic + $N$-body systems",
  journal =	 JCP,
  volume =	 227,
  number =	 1,
  pages =	 "400-430",
  year =	 "2007",
  issn =	 "0021-9991",
  doi =		 "doi:10.1016/j.jcp.2007.07.035",
  url =
                  "http://www.sciencedirect.com/science/article/B6WHY-4PJ053N-1/2/bcb91a9f44496a249ac5aab150dd9325",
  keywords =	 "Higher-order Godunov methods",
  keywords =	 "Adaptive mesh refinement",
  keywords =	 "Elliptic methods",
  keywords =	 "Particle-in-cell methods"
}

@ARTICLE{2000ApJS..131..273F,
  author =	 {{Fryxell}, B. and {Olson}, K. and {Ricker}, P. and
                  {Timmes}, F.~X. and {Zingale}, M. and {Lamb},
                  D.~Q. and {MacNeice}, P. and {Rosner}, R. and
                  {Truran}, J.~W. and {Tufo}, H.},
  title =	 "{FLASH: An Adaptive Mesh Hydrodynamics Code for
                  Modeling Astrophysical Thermonuclear Flashes}",
  journal =	 {{Astrophys.~J.~Suppl.~Series}},
  keywords =	 {Equation of State, Hydrodynamics, Methods: Numerical,
                  Nuclear Reactions, Nucleosynthesis, Abundances, Stars:
                  General},
  year =	 2000,
  month =	 nov,
  volume =	 131,
  pages =	 {273-334},
  doi =		 {10.1086/317361},
  adsurl =	 {http://adsabs.harvard.edu/abs/2000ApJS..131..273F},
  adsnote =	 {Provided by the SAO/NASA Astrophysics Data System}
}



@ARTICLE{2004astro.ph..3044O,
  author =	 {{O'Shea}, B.~W. and {Bryan}, G. and {Bordner}, J. and
                  {Norman}, M.~L. and {Abel}, T. and {Harkness}, R. and
                  {Kritsuk}, A.},
  title =	 "{Introducing Enzo, an AMR Cosmology Application}",
  journal =	 {ArXiv Astrophysics e-prints},
  eprint =	 {arXiv:astro-ph/0403044},
  keywords =	 {Astrophysics},
  year =	 2004,
  month =	 mar,
  adsurl =	 {http://adsabs.harvard.edu/abs/2004astro.ph..3044O},
  adsnote =	 {Provided by the SAO/NASA Astrophysics Data System}
}

@string{aap = {Astrophys.~J.~Suppl.~Series}}

@article{teyssier2002,
  author =	 {{Teyssier}, R.},
  title =	 "{Cosmological hydrodynamics with adaptive mesh
                  refinement. A new high resolution code called RAMSES}",
  journal =	 {arXiv},
  eprint =	 {arXiv:astro-ph/0111367},
  keywords =	 {GRAVITATION, HYDRODYNAMICS, METHODS: NUMERICAL,
                  COSMOLOGY: THEORY, COSMOLOGY: LARGE-SCALE STRUCTURE OF
                  UNIVERSE},
  year =	 2002,
  month =	 apr,
  volume =	 385,
  pages =	 {337-364},
  doi =		 {10.1051/0004-6361:20011817},
  adsurl =	 {http://adsabs.harvard.edu/abs/2002A\%26A...385..337T},
  adsnote =	 {Provided by the SAO/NASA Astrophysics Data System}
}

@article{hae2010,
  author =	 {{J. H\"ardtlein and C. Pflaum and A. Linke and H. Wolters}},
  title =	 "{Advanced Expression Templates Programming}",
  journal =	 {Comput Visual Sci},
  year =	 2010,
  volume =	 13,
  pages =	 {5968},
  note =         "\url{doi:10.1007/s00791-009-0128-2}"
}



@article{pori2008,
  author =	 "G. {P\"oplau} and U. van Rienen",
  title =	 "A Self-Adaptive Multigrid Technique for {3-D} Space
                  Charge Calculations",
  journal =	 "IEEE Trans. Magn.",
  keywords =	 "Space Charge",
  year =	 2008,
  volume =	 44,
  number =	 6,
  pages =	 "1242-1244"
}

@techreport{chombo-design,
  author =	 "P. Colella and D. T. Graves and N. D. Keen and
                  T. J. Ligocki and D. F. Martin and P. W. McCorquodale
                  and D. Modiano and P. O. Schwartz and T. D. Sternberg
                  and B. Van Straalen",
  title =	 "Chombo Software Package for {AMR} Applications.
                  Design Document",
  institution =	 "Applied Numerical Algorithms Group, Computational
                  Research Division Lawrence Berkeley National
                  Laboratory Berkeley, CA",
  year =	 2009,
  month =	 apr,
  note =	 "Available from
                  \url{https://seesar.lbl.gov/anag/chombo/ChomboDesign-3.0.pdf}"
}

@inproceedings{sasl:08,
  author =	 "Sampath, R. S. and Adavani, S. S. and Sundar,
                  H. and Lashuk, I. and Biros, G.",
  title =	 "Dendro: parallel algorithms for multigrid and {AMR}
                  methods on 2:1 balanced octrees",
  booktitle =	 "Proceedings of the 2008 ACM/IEEE conference on
                  Supercomputing",
  series =	 "SC '08",
  year =	 2008,
  location =	 "Austin, Texas",
  pages =	 "18:1--18:12",
  numpages =	 12,
  url =		 "http://portal.acm.org/citation.cfm?id=1413370.1413389",
  publisher =	 "IEEE Press",
  address =	 "Piscataway, NJ, USA",
} 

@book{tros:00,
  author =	 "U. Trottenberg and C. W. Oosterlee and
                  A. {Sch\"uller}",
  title =	 "Multigrid",
  publisher =	 "Academic Press",
  year =	 2000
}


@article{habib2009,
  author =	 {S. Habib and A. Pope and Z. Luki\'{c} and D. Daniel
                  and P. Fasel and N. Desai and K. Heitmann and
                  C.-H. Hsu and L. Ankeny and G. Mark and
                  S. Bhattacharya and J. Ahrens},
  title =	 {Hybrid petacomputing meets cosmology: The Roadrunner
                  Universe project},
  journal =	 {Journal of Physics: Conference Series},
  volume =	 180,
  number =	 1,
  pages =	 012019,
  url =		 {http://stacks.iop.org/1742-6596/180/i=1/a=012019},
  year =	 2009,
}
	



